@article{HaberStornetta,
title={How to time-stamp a digital document},
author={Stuart Haber and W. Scott Stornetta},
year={1990}
},
@misc{Git,
title={Git: A distributed version control system},
author={Linus Torvalds},
year={2005}
},
@article{Bitcoin,
title={Bitcoin: A Peer-to-Peer Electronic Cash System},
author={Satoshi Nakamoto},
year={2008}
}
